% Encoding: UTF-8

@Misc{Karpathy2015,
  author = {Andrej Karpathy},
  title  = {The Unreasonable Effectiveness of Recurrent Neural Networks},
  year   = {2015},
  url    = {http://karpathy.github.io/2015/05/21/rnn-effectiveness/},
}

@Misc{Olah2015,
  author = {Christopher Olah},
  title  = {Understanding LSTM Networks},
  year   = {2015},
  url    = {https://colah.github.io/posts/2015-08-Understanding-LSTMs/},
}

@Misc{Tozzi1999,
  author = {Lisa Tozzi},
  title  = {The Great Pretenders},
  year   = {1999},
  url    = {http://weeklywire.com/ww/07-05-99/austin_xtra_feature2.html},
}

@book{Goodfellow-et-al-2016,
    title={Deep Learning},
    author={Ian Goodfellow and Yoshua Bengio and Aaron Courville},
    publisher={MIT Press},
    note={\url{http://www.deeplearningbook.org}},
    year={2016}
}

@inproceedings{wang-2019-revisiting,
    title = "Revisiting Challenges in Data-to-Text Generation with Fact Grounding",
    author = "Wang, Hongmin",
    booktitle = "Proceedings of the 12th International Conference on Natural Language Generation",
    month = oct # "{--}" # nov,
    year = "2019",
    address = "Tokyo, Japan",
    publisher = "Association for Computational Linguistics",
    url = "https://www.aclweb.org/anthology/W19-8639",
    doi = "10.18653/v1/W19-8639",
    pages = "311--322",
}


@conference{thomson-2020-sportsett,
title = "SportSett: Basketball - A robust and maintainable dataset for Natural Language Generation",
author = "Craig Thomson and Ehud Reiter and Somayajulu Sripada",
year = "2020",
month = aug,
day = "17",
language = "English",
note = "IntelLanG : Intelligent Information Processing and Natural Language Generation ; Conference date: 07-09-2020 Through 07-09-2020",
url = "https://intellang.github.io/",
}


@ARTICLE{bpptWerbos1990,
author={Werbos, P.J.},
journal={Proceedings of the IEEE}, 
title={Backpropagation through time: what it does and how to do it}, 
year={1990},
volume={78},
number={10},
pages={1550-1560},
doi={10.1109/5.58337}
}

@misc{tensorflow2015-whitepaper,
title={ {TensorFlow}: Large-Scale Machine Learning on Heterogeneous Systems},
url={https://www.tensorflow.org/},
note={Software available from tensorflow.org},
author={
    Mart\'{\i}n~Abadi and
    Ashish~Agarwal and
    Paul~Barham and
    Eugene~Brevdo and
    Zhifeng~Chen and
    Craig~Citro and
    Greg~S.~Corrado and
    Andy~Davis and
    Jeffrey~Dean and
    Matthieu~Devin and
    Sanjay~Ghemawat and
    Ian~Goodfellow and
    Andrew~Harp and
    Geoffrey~Irving and
    Michael~Isard and
    Yangqing Jia and
    Rafal~Jozefowicz and
    Lukasz~Kaiser and
    Manjunath~Kudlur and
    Josh~Levenberg and
    Dandelion~Man\'{e} and
    Rajat~Monga and
    Sherry~Moore and
    Derek~Murray and
    Chris~Olah and
    Mike~Schuster and
    Jonathon~Shlens and
    Benoit~Steiner and
    Ilya~Sutskever and
    Kunal~Talwar and
    Paul~Tucker and
    Vincent~Vanhoucke and
    Vijay~Vasudevan and
    Fernanda~Vi\'{e}gas and
    Oriol~Vinyals and
    Pete~Warden and
    Martin~Wattenberg and
    Martin~Wicke and
    Yuan~Yu and
    Xiaoqiang~Zheng},
  year={2015},
}

@Misc{sennrich2016,
  author        = {Rico Sennrich and Barry Haddow and Alexandra Birch},
  title         = {Neural Machine Translation of Rare Words with Subword Units},
  year          = {2016},
  archiveprefix = {arXiv},
  eprint        = {1508.07909},
  primaryclass  = {cs.CL},
  url = {https://arxiv.org/abs/1508.07909},
}

@Misc{lebret2016neural,
  author        = {Remi Lebret and David Grangier and Michael Auli},
  title         = {Neural Text Generation from Structured Data with Application to the Biography Domain},
  year          = {2016},
  archiveprefix = {arXiv},
  eprint        = {1603.07771},
  primaryclass  = {cs.CL},
  url="https://arxiv.org/abs/1603.07771"
}

@inproceedings{liang-etal-2009-learning,
    title = "Learning Semantic Correspondences with Less Supervision",
    author = "Liang, Percy  and
      Jordan, Michael  and
      Klein, Dan",
    booktitle = "Proceedings of the Joint Conference of the 47th Annual Meeting of the {ACL} and the 4th International Joint Conference on Natural Language Processing of the {AFNLP}",
    month = aug,
    year = "2009",
    address = "Suntec, Singapore",
    publisher = "Association for Computational Linguistics",
    url = "https://www.aclweb.org/anthology/P09-1011",
    pages = "91--99",
}

@misc{wiseman2017,
      title={Challenges in Data-to-Document Generation}, 
      author={Sam Wiseman and Stuart M. Shieber and Alexander M. Rush},
      year={2017},
      eprint={1707.08052},
      archivePrefix={arXiv},
      primaryClass={cs.CL},
      url = "https://arxiv.org/abs/1707.08052",
}

@misc{yang2016referenceaware,
      title={Reference-Aware Language Models}, 
      author={Zichao Yang and Phil Blunsom and Chris Dyer and Wang Ling},
      year={2016},
      eprint={1611.01628},
      archivePrefix={arXiv},
      primaryClass={cs.CL},
      url={https://arxiv.org/abs/1611.01628}
}

@misc{cho2014learning,
      title={Learning Phrase Representations using RNN Encoder-Decoder for Statistical Machine Translation}, 
      author={Kyunghyun Cho and Bart van Merrienboer and Caglar Gulcehre and Dzmitry Bahdanau and Fethi Bougares and Holger Schwenk and Yoshua Bengio},
      year={2014},
      eprint={1406.1078},
      archivePrefix={arXiv},
      primaryClass={cs.CL},
      url="https://arxiv.org/abs/1406.1078"
}

@misc{liu2017tabletotext,
      title={Table-to-text Generation by Structure-aware Seq2seq Learning}, 
      author={Tianyu Liu and Kexiang Wang and Lei Sha and Baobao Chang and Zhifang Sui},
      year={2017},
      eprint={1711.09724},
      archivePrefix={arXiv},
      primaryClass={cs.CL},
      url="https://arxiv.org/abs/1711.09724"
}

@misc{puduppully2019datatotext,
      title={Data-to-Text Generation with Content Selection and Planning}, 
      author={Ratish Puduppully and Li Dong and Mirella Lapata},
      year={2019},
      eprint={1809.00582},
      archivePrefix={arXiv},
      primaryClass={cs.CL},
      url="https://arxiv.org/abs/1809.00582"
}

@misc{vinyals2015pointer,
      title={Pointer Networks}, 
      author={Oriol Vinyals and Meire Fortunato and Navdeep Jaitly},
      year={2015},
      eprint={1506.03134},
      archivePrefix={arXiv},
      primaryClass={stat.ML},
      url="https://arxiv.org/abs/1506.03134"
}

@misc{gu2016incorporating,
      title={Incorporating Copying Mechanism in Sequence-to-Sequence Learning}, 
      author={Jiatao Gu and Zhengdong Lu and Hang Li and Victor O. K. Li},
      year={2016},
      eprint={1603.06393},
      archivePrefix={arXiv},
      primaryClass={cs.CL},
      url="https://arxiv.org/abs/1603.06393"
}

@misc{sutskever2014sequence,
      title={Sequence to Sequence Learning with Neural Networks}, 
      author={Ilya Sutskever and Oriol Vinyals and Quoc V. Le},
      year={2014},
      eprint={1409.3215},
      archivePrefix={arXiv},
      primaryClass={cs.CL},
      url="https://arxiv.org/abs/1409.3215"
}

@misc{bahdanau2016neural,
      title={Neural Machine Translation by Jointly Learning to Align and Translate}, 
      author={Dzmitry Bahdanau and Kyunghyun Cho and Yoshua Bengio},
      year={2014},
      eprint={1409.0473},
      archivePrefix={arXiv},
      primaryClass={cs.CL},
      url="https://arxiv.org/abs/1409.0473"
}

@article{williamsTBPTT,
author = {Williams, Ronald and Peng, Jing},
year = {1998},
month = {09},
pages = {},
title = {An Efficient Gradient-Based Algorithm for On-Line Training of Recurrent Network Trajectories},
volume = {2},
journal = {Neural Computation},
doi = {10.1162/neco.1990.2.4.490}
}

@misc{cho2014properties,
      title={On the Properties of Neural Machine Translation: Encoder-Decoder Approaches}, 
      author={Kyunghyun Cho and Bart van Merrienboer and Dzmitry Bahdanau and Yoshua Bengio},
      year={2014},
      eprint={1409.1259},
      archivePrefix={arXiv},
      primaryClass={cs.CL},
      url="https://arxiv.org/abs/1409.1259"
}

@article{hochreiter1997,
  author = {Hochreiter, Sepp and Schmidhuber, Jürgen},
  year = {1997},
  month = {12},
  pages = {1735-80},
  title = {Long Short-term Memory},
  volume = {9},
  journal = {Neural computation},
  doi = {10.1162/neco.1997.9.8.1735}
}

@misc{gulcehre2016pointing,
      title={Pointing the Unknown Words}, 
      author={Caglar Gulcehre and Sungjin Ahn and Ramesh Nallapati and Bowen Zhou and Yoshua Bengio},
      year={2016},
      eprint={1603.08148},
      archivePrefix={arXiv},
      primaryClass={cs.CL},
      url="https://arxiv.org/abs/1603.08148"
}

@misc{luong2015effective,
      title={Effective Approaches to Attention-based Neural Machine Translation}, 
      author={Minh-Thang Luong and Hieu Pham and Christopher D. Manning},
      year={2015},
      eprint={1508.04025},
      archivePrefix={arXiv},
      primaryClass={cs.CL},
      url="https://arxiv.org/abs/1508.04025"
}

@inbook{rumelhart_rnn1988,
  author = {Rumelhart, David E. and Hinton, Geoffrey E. and Williams, Ronald J.},
  title = {Learning Representations by Back-Propagating Errors},
  year = {1988},
  isbn = {0262010976},
  publisher = {MIT Press},
  address = {Cambridge, MA, USA},
  booktitle = {Neurocomputing: Foundations of Research},
  pages = {696–699},
  numpages = {4}
}      


@Comment{jabref-meta: databaseType:bibtex;}
